@string{prl   = {Phys. Rev. Lett.}}
@string{rmp   = {Rev. Mod. Phys.}}


@book{koller2009probabilistic,
  title={Probabilistic graphical models: principles and techniques},
  author={Koller, Daphne and Friedman, Nir},
  year={2009},
  publisher={MIT press}
}

@misc{Coursera,
      author = "Daphne Koller",
      title = "Probabilistic Graphical Models",
      month = "",
      year = "",
      url = "https://www.coursera.org/learn/probabilistic-graphical-models"
}